<?xml version="1.0" encoding="UTF-8"?><record xmlns="http://www.loc.gov/MARC21/slim" xmlns:cinclude="http://apache.org/cocoon/include/1.0" xmlns:zs="http://www.loc.gov/zing/srw/">
  <leader>00464cz  a2200121n  4500</leader>
  <controlfield tag="001">n 2007075014</controlfield>
  <controlfield tag="003">DLC</controlfield>
  <controlfield tag="005">20071019073952.0</controlfield>
  <controlfield tag="008">071018n| acannaabn          |n aaa      </controlfield>
  <datafield tag="010" ind1=" " ind2=" ">
    <subfield code="a">n 2007075014</subfield>
  </datafield>
  <datafield tag="040" ind1=" " ind2=" ">
    <subfield code="a">DLC</subfield>
    <subfield code="b">eng</subfield>
    <subfield code="c">DLC</subfield>
  </datafield>
  <datafield tag="100" ind1="1" ind2=" ">
    <subfield code="a">Havestadt, Bernhard,</subfield>
    <subfield code="d">1714-1781.</subfield>
    <subfield code="t">Chilidúgú</subfield>
  </datafield>
  <datafield tag="670" ind1=" " ind2=" ">
    <subfield code="a">Rondón, V. 19 canciones misionales en mapudúngún contenidas en el Chilidúgú (1777) del misionero jesuita, en la Araucanía, Bernardo de Havestadt (1714-1781), 1997.</subfield>
  </datafield>
</record>